<?xml version="1.0" encoding="UTF-8"?><collection xmlns="http://www.loc.gov/MARC21/slim"><record><leader>00398nam--2200133-i-4500</leader><controlfield tag="001">000034932</controlfield><controlfield tag="002">20161230</controlfield><controlfield tag="005">20161230201040</controlfield><controlfield tag="008">060222s1000------------r-----000-0-eng-d</controlfield><datafield ind1=" " ind2=" " tag="080"><subfield code="a">51(032)</subfield></datafield><datafield ind1=" " ind2=" " tag="245"><subfield code="a">Notiuni elementare de aritmetica algebra si geometrie pentru cursul de matematici superioare</subfield></datafield><datafield ind1=" " ind2=" " tag="260"><subfield code="a">Bucuresti, 1954, 265p.Lito</subfield></datafield><datafield ind1=" " ind2=" " tag="490"><subfield code="a">Inst.De Stiinte Econ.Si Planificare</subfield></datafield><datafield ind1=" " ind2=" " tag="852"><subfield code="a">4024</subfield></datafield></record></collection>